@book{10.5555/555733,
author = {Jurafsky, Daniel and Martin, James H.},
title = {Speech and Language Processing: An Introduction to Natural Language Processing, Computational Linguistics, and Speech Recognition},
year = {2021},
edition = {3rd},
note      = {\url{https://web.stanford.edu/\~jurafsky/slp3/}}
}